101 121140399 1211403991107151710A094101Silicon Valley Bank    SILICON VALLEY BANK     
5200TESTCOM                             1234567890PPDTESTCOM         1107131811121140390000003
62612345678901234567890      0000010640CUSTIDNO       POTATO JAR CUSTo1       1121140392262626
799R01121140392224622      22237044                                            222370440000953
820000000200222370440000000106400000000000002233344443                         121140390000003
5200TESTCOM                             1234567890CORTESTCOM         1107151811121140390000004
62612345678901234567890      0000000000CUSTIDNO       ABC INC                 1121140392262703
798C03121140392224665      05100025051400549   2018413280533                   053109320252987
820000000200051000250000000000000000000000002233344443                         121140390000004
5200TESTCOM                             9876543210PPDTESTCOM         1107151651121140390000003
62612345678901234567890      0000009391CUSTID1        JOHN DOE                1121140391882705
799R03121140391797982      06310068                                            063100683026190
820000000200063100680000000093910000000000002233344443                         121140390000003
5200TESTCOM                             2233344443CCDTESTCOM         1107131961121140390000002
62612345678901234567890      0000010860CUSTID2        ALPHA INC               1121140392575799
799R04121140392489489      05311259                                            113008460003582
820000000200053112590000000108600000000000002233344443                         121140390000002
5200TESTCOM                             2233344443CCDDTESTCOM        1107131961121140390000003
6261234567890123456789       0000274290CUSTID3       XYC INC                  1121140392582349
799R01121140392489885      32507076                                            021000022751800
9000005000003000000100062891936000000010640000000000000                                       
9999999999999999999999999999999999999999999999999999999999999999999999999999999999999999999999
9999999999999999999999999999999999999999999999999999999999999999999999999999999999999999999999
9999999999999999999999999999999999999999999999999999999999999999999999999999999999999999999999
9999999999999999999999999999999999999999999999999999999999999999999999999999999999999999999999
9999999999999999999999999999999999999999999999999999999999999999999999999999999999999999999999
9999999999999999999999999999999999999999999999999999999999999999999999999999999999999999999999
9999999999999999999999999999999999999999999999999999999999999999999999999999999999999999999999
9999999999999999999999999999999999999999999999999999999999999999999999999999999999999999999999
