101 121140399 1211403992010060711H094101FISERVPEPPLUS          SILICON VALLEY
5200MELIO PAYMENTS                      1294287528CORLocksmith 2010012010010001121140390000573
6211210002488220110913       0000000000t1934905       Shiran Dimerman         1020280002823765
798C02121140390000038      12100024121042882                                   020280002823765
820000000200121000240000000000000000000000001294287528                         121140390000573
9000001000001000000020012100024000000000000000000000000
9999999999999999999999999999999999999999999999999999999999999999999999999999999999999999999999
9999999999999999999999999999999999999999999999999999999999999999999999999999999999999999999999
9999999999999999999999999999999999999999999999999999999999999999999999999999999999999999999999
9999999999999999999999999999999999999999999999999999999999999999999999999999999999999999999999